@article{ising,
  title={Contribution to the theory of ferromagnetism},
  author={Ising, Ernst},
  journal={Z. Phys},
  volume={31},
  number={1},
  pages={253--258},
  year={1925}
}

@article{wolf_algorithm,
  title={Collective Monte Carlo updating for spin systems},
  author={Wolff, Ulli},
  journal={Physical Review Letters},
  volume={62},
  number={4},
  pages={361},
  year={1989},
  publisher={APS}
}

@article{binder_cumulant,
  title={Finite size scaling analysis of Ising model block distribution functions},
  author={Binder, Kurt},
  journal={Zeitschrift f{\"u}r Physik B Condensed Matter},
  volume={43},
  number={2},
  pages={119--140},
  year={1981},
  publisher={Springer}
}

@misc{github,
  title = {Github Repository: MoskalenkoRomanBorisovich/Ising-on-random-conformation},
  url = {https://github.com/MoskalenkoRomanBorisovich/Ising-on-random-conformation}
}